3722 5490
932 290 950 363 t

888 386 992 396 ...ι-...ι-

213 503 254 590 V.
283 523 453 588 itt-273
484 543 619 606 quoque
649 521 805 608 Rappius
835 521 959 586 Plauto
990 522 1155 588 attribuit.
1201 525 1242 590 V
1266 523 1331 590 274
1353 522 1541 592 secundum
1571 520 1666 592 illum

214 627 299 693 alius
320 627 445 692 mimus
468 624 607 705 orditur,
632 624 692 710 qui
713 646 823 710 usque
838 626 930 691 adv.
946 627 1010 690 401
1033 627 1192 713 pertinet,
1217 630 1273 694 cui
1299 645 1425 696 nomen
1449 631 1535 716 ,Die
1549 632 1667 696 Heim-

212 728 1665 816 111111111Η11111“111,1)11111111111111111111111111111111111111111402-640,

212 856 315 919 quam
335 839 470 921 partem
490 779 673 900 vernacula
695 833 851 950 lingua,
855 835 927 898 Der
954 834 1120 921 geprellte
1086 836 1298 902 Ptarasit“
1331 838 1495 919 nominat,
1525 846 1667 926 propter

213 942 396 1029 apologum
410 939 636 1028 Antiphontis
659 938 749 1003 senis
771 937 916 1003 fortasse
940 961 982 1002 11
996 938 1176 1004 Menandri
1199 942 1376 1006 comoedia
1390 949 1569 1030 promptos
1593 963 1667 1008 esse

211 1045 368 1132 Rappius
391 1043 592 1130 suspicatur.
616 1042 773 1128 Denique
796 1043 920 1107 mimus
944 1064 1119 1108 servorum
1142 1045 1305 1128 sequitur.
1332 1047 1426 1111 Haec
1449 1069 1531 1112 vero
1554 1047 1667 1111 omnia

211 1147 248 1212 in
270 1146 364 1212 falsis
388 1147 605 1235 opinionibus
620 1147 733 1234 posita
756 1154 854 1230 sunt;
878 1147 1026 1234 primum
1045 1148 1135 1212 enim
1157 1170 1227 1213 non
1251 1155 1311 1230 est,
1337 1150 1428 1234 quod
1445 1155 1537 1214 certo
1554 1149 1666 1213 didas-

213 1252 319 1316 caliae
348 1251 544 1316 testimonio
574 1249 773 1316 diffidamus
805 1258 839 1315 et
870 1251 1063 1337 exemplum
1085 1251 1265 1316 Menandri
1294 1275 1459 1338 negemus
1470 1254 1507 1337 3²¹⁵)
1544 1253 1666 1318 deinde

213 1355 278 1420 etsi
299 1377 369 1421 non
391 1354 570 1421 Menandri
592 1353 708 1419 fabula
737 1355 929 1442 exemplum
961 1361 1058 1435 esset,
1090 1362 1205 1420 tamen
1233 1356 1376 1422 Plautus
1408 1379 1547 1422 scaenas
1577 1357 1667 1421 inter

214 1482 250 1525 11
273 1459 519 1525 diversissimas
541 1480 611 1523 non
633 1465 672 1522 ut
695 1459 906 1524 comoediam
924 1459 1088 1524 Romanis
1112 1459 1233 1525 offerre
1256 1460 1391 1544 debuit3
1415 1461 1494 1525 licet
1519 1461 1609 1525 enirn
1630 1461 1667 1524 hi

212 1564 325 1629 minus
348 1565 441 1630 docti
463 1563 591 1628 fuerint
621 1586 723 1649 quarn
754 1563 886 1643 Graeci,
917 1563 954 1627 id
988 1563 1126 1647 quidem
1160 1563 1354 1646 sensissent,
1387 1572 1553 1650 quantum
1582 1565 1666 1630 haec

213 1668 330 1734 fabula
353 1668 515 1744 11111111
537 1667 705 1733 Plautinis
728 1668 784 1732 vel
809 1667 1023 1732 Terentianis
1047 1667 1191 1732 differat.

316 1775 363 1838 Et
397 1772 631 1854 Teuffelius**)
669 1771 821 1837 fabulam
854 1793 924 1836 non
953 1773 1150 1836 lacunosam
1186 1794 1259 1837 esse
1290 1771 1430 1855 eiusque
1463 1771 1666 1837 brevitatem

211 1878 375 1964 temporis
409 1876 520 1964 spatio
558 1875 660 1956 effici,
699 1873 793 1961 quod
829 1875 965 1941 saltatio
1001 1883 1035 1940 et
1073 1875 1222 1940 carmina
1256 1875 1348 1940 actui
1385 1875 1505 1959 quinto
1539 1876 1667 1941 inserta

212 1982 398 2069 postulent,
421 1986 530 2068 putat.
555 1981 629 2058 Qua
651 2002 688 2044 re
710 1980 958 2047 vitiosahuius
988 1979 1125 2044 fabulae
1149 1978 1350 2066 compositio
1381 2000 1451 2043 non
1475 1987 1665 2044 excusatur.

212 2086 347 2151 Deinde
378 2083 563 2150 Teuffeh'ns
595 2084 788 2171 suspicatur
817 2084 852 2148 in
882 2084 1061 2148 Menandri
1092 2083 1209 2148 fabula
1241 2082 1303 2148 sub
1334 2082 1439 2148 finem
1469 2083 1667 2148 convivium

212 2189 365 2272 fratrum,
390 2211 506 2254 eorum
522 2209 676 2268 uxorum,
692 2186 918 2275 Antiphontis
935 2194 1038 2272 atque
1054 2186 1217 2252 Gelasimi
1231 2187 1373 2273 parasiti
1393 2209 1470 2251 cum
1486 2188 1666 2252 saltatione

214 2301 248 2358 et
271 2299 374 2359 cantu
396 2292 518 2376 fuisse,
541 2313 603 2379 pro
628 2313 667 2357 eo
683 2292 853 2372 Plautum,
878 2291 970 2376 quod
985 2290 1149 2356 Romanis
1167 2290 1347 2355 offensioni
1370 2298 1467 2372 esset,
1492 2314 1666 2358 servorum

214 2397 411 2464 convivium
426 2397 660 2479 substituisse,
685 2418 724 2460 ea
748 2396 789 2460 de
813 2417 914 2460 causa
930 2402 1044 2460 actum
1067 2394 1224 2480 quintum
1239 2394 1376 2460 fabulae
1390 2396 1565 2460 Romanae
1589 2419 1667 2461 cum

214 2502 335 2567 ceteris
358 2501 490 2568 actibus
512 2523 634 2589 parum
656 2521 822 2565 conexum
845 2522 918 2565 esse
935 2507 968 2564 et
991 2499 1127 2564 fabulae
1149 2499 1214 2563 toti
1235 2518 1361 2562 nomen
1377 2497 1496 2564 Sticho
1519 2498 1666 2563 inditum

214 2628 297 2672 esse.
321 2607 431 2686 Quam
452 2604 687 2693 improbabilis
709 2605 794 2669 haec
812 2604 970 2668 Teuffelii
987 2603 1156 2668 sententia
1172 2603 1224 2684 sit,
1247 2601 1475 2685 Goetuius***)
1499 2603 1665 2685 ostendit;

212 2731 292 2774 nam
322 2709 464 2774 Plautus
493 2731 564 2774 non
587 2709 783 2794 diligentius
816 2731 871 2773 eas
903 2731 957 2772 res
990 2708 1142 2788 evitavit,
1179 2728 1266 2792 quae
1295 2706 1459 2771 Romanis
1489 2706 1666 2772 offensioni

215 2819 311 2879 erant
332 2815 428 2880 velut
450 2813 486 2877 in
510 2813 634 2879 Casina
648 2812 826 2900 Lysidami
847 2835 918 2895 res;
943 2817 1093 2877 ceterum
1115 2825 1171 2876 eas
1193 2833 1247 2876 res
1270 2816 1309 2874 ut
1332 2817 1488 2874 externas
1506 2832 1666 2876 excusare

215 2918 302 2983 solet
322 2918 419 2984 velut
442 2919 518 2983 011.
540 2916 626 3005 prol.
653 2918 761 2982 166.
793 2915 964 3000 Equidem
995 2915 1185 2980 addiderim
1214 2936 1389 2980 servorum
1420 2937 1556 3000 quoque
1586 2936 1665 2980 con-

213 3021 361 3103 vivium,
400 3022 492 3106 quod
525 3022 667 3086 Plautus
702 3004 889 3085 secundum
923 3019 1082 3084 Teuffelii
1120 3019 1324 3083 sententiam
1356 3041 1418 3106 pro
1453 3020 1665 3084 dominorum

214 3125 373 3191 convivio
390 3123 607 3190 substituisse
623 3124 755 3204 dicitur,
779 3145 849 3189 non
871 3124 980 3210 magis
995 3122 1146 3188 moribus
1160 3123 1325 3188 Romanis
1348 3124 1549 3189 convenisse
1565 3146 1666 3208 quam

214 3229 436 3310 dominorum,
461 3228 553 3313 quod
575 3236 679 3316 poeta
700 3252 733 3295 v.
764 3229 829 3294 448
850 3228 887 3314 id
918 3235 957 3292 ut
978 3227 1126 3292 Athenis
1157 3227 1322 3292 usitatum
1352 3235 1501 3293 excusat.
1545 3230 1665 3313 Neque

213 3355 295 3399 vero
317 3333 543 3399 Menandrum
572 3333 645 3398 ven'
675 3331 784 3397 simile
815 3338 865 3396 est
897 3353 1037 3412 sorores,
1070 3353 1153 3417 quas
1186 3338 1286 3395 antea
1316 3332 1444 3418 optime
1476 3332 1664 3419 descripsit,

215 3439 280 3505 etsi
303 3439 511 3504 Graecorum
532 3459 606 3502 mos
639 3436 777 3502 liberior
800 3442 880 3518 erat,
909 3443 1071 3502 canentes
1102 3443 1137 3500 et
1167 3435 1331 3500 saltantes
1362 3435 1536 3501 induxisse
1567 3442 1601 3499 et
1630 3435 1666 3499 id

214 3565 328 3610 coram
349 3550 447 3631 patre
469 3541 681 3607 meretricem
713 3540 970 3628 complectente.
994 3541 1078 3606 Jure
1109 3539 1215 3624 igitur
1237 3538 1401 3604 Goetzius
1431 3539 1569 3624 collegit
1598 3539 1666 3604 iarn

214 3649 305 3737 apud
326 3647 552 3713 Menandrum
575 3666 750 3711 servorum
766 3644 962 3710 convivium
986 3651 1020 3708 et
1043 3643 1260 3722 saltationem
1282 3642 1419 3707 fabulae
1434 3643 1538 3708 finem
1559 3642 1666 3709 fuisse

213 3753 311 3818 utin
339 3753 444 3818 Persa
473 3751 598 3816 fabula.
630 3749 788 3833 Denique
817 3749 891 3813 veri
921 3748 1029 3813 simile
1058 3769 1128 3813 non
1162 3753 1213 3811 est
1243 3745 1380 3810 fabulae
1409 3745 1666 3832 inscriptionem

213 3863 355 3944 propter
383 3876 574 3944 personam,
607 3875 694 3938 quae
723 3853 759 3918 in
792 3860 872 3918 1111
903 3853 1021 3938 quinto
1058 3853 1194 3917 demum
1227 3850 1263 3915 in
1295 3872 1452 3915 scaenam
1481 3851 1605 3937 prodit,
1637 3851 1666 3914 si

213 3960 354 4027 brevem
376 3982 533 4026 scaenam
554 3957 699 4046 primam
729 3963 825 4022 actus
856 3957 948 4022 tertii
978 3955 1232 4044 praetermittis,
1264 3977 1375 4039 neque
1406 3953 1591 4038 quidquam
1623 3953 1666 4017 ad

215 4065 385 4132 actionem
406 4064 542 4129 fabulae
564 4062 666 4142 valet,
690 4067 858 4126 mutatam
880 4083 963 4126 csse.

316 4169 371 4234 Ex
393 4166 550 4232 omnibus
572 4166 625 4232 his
649 4165 769 4245 causis,
794 4187 877 4250 quas
899 4164 1095 4244 memoravi,
1120 4163 1224 4229 ceteri
1245 4161 1401 4227 homines
1423 4161 1524 4242 docti,
1549 4159 1607 4245 qui
1629 4161 1666 4224 in

213 4273 302 4338 hanc
334 4292 407 4335 rem
435 4269 701 4354 inquisiverunt,
732 4268 806 4333 iure
836 4267 1013 4333 affirmant
1041 4267 1201 4333 vitiosam
1230 4265 1332 4330 huius
1362 4265 1499 4330 fabulae
1529 4285 1665 4351 compo·

214 4376 373 4441 sitionem
393 4373 430 4438 in
451 4373 582 4438 lacunis
606 4378 640 4435 et
661 4372 698 4436 in
719 4372 961 4437 retractatione
984 4371 1066 4453 eius,
1092 4392 1169 4436 cum
1183 4369 1307 4434 iterum
1329 4376 1494 4455 ageretur,
1518 4367 1666 4456 positam

215 4501 297 4544 esse.
320 4477 504 4544 Manifesta
525 4476 626 4541 huius
656 4476 908 4541 retractationis
939 4475 1087 4561 vestigia
1116 4481 1196 4540 sunt
1227 4496 1296 4539 vss.
1326 4473 1455 4538 48—57
1482 4471 1519 4535 in
1548 4471 1665 4536 codice

213 4582 440 4648 Ambrosiano
463 4580 588 4660 omissi,
620 4580 679 4665 qui
703 4602 766 4668 per
789 4601 824 4644 se
852 4579 965 4644 minus
989 4579 1061 4666 apti
1093 4583 1208 4666 aperte
1238 4599 1317 4665 pars
1346 4575 1448 4664 primi
1479 4575 1603 4640 cantici
1629 4574 1666 4639 in

215 4685 365 4752 senarios
386 4684 550 4751 iambicos
565 4683 780 4772 transscripti
795 4690 884 4766 sunt,
909 4683 1033 4748 deinde
1048 4683 1193 4748 fortasse
1208 4704 1276 4749 vss.
1294 4682 1432 4760 70-83,
1456 4701 1542 4764 quos
1558 4677 1666 4742 codex

336 4875 362 4944 l¹)
382 4875 425 4933 cf.
443 4873 489 4929 Fr.
509 4873 609 4929 Schell
626 4873 657 4930 in
674 4871 770 4928 Jahns
788 4872 994 4928 Jahrbr'ichem
1012 4873 1059 4928 1111
1078 4871 1238 4928 classische
1257 4868 1428 4940 Philologie,
1451 4867 1519 4922 1879
1536 4885 1564 4937 p.
1582 4867 1618 4920 44
1635 4865 1665 4920 fl.

318 4963 360 5032 **)
379 4960 495 5016 Teuffel
512 4959 560 5020 W.
580 4960 616 5029 S,
636 4958 760 5015 Studien
771 4959 832 5014 und
846 4958 1117 5016 Charakteristiken
1134 4976 1187 5014 111
1198 4955 1403 5029 griechischen
1418 4953 1479 5008 und
1490 4952 1665 5022 romischen,
1696 4958 1701 4966 '

214 5048 305 5105 sowie
324 5065 376 5102 zur
394 5047 559 5103 deutschen
576 5045 908 5116 Literaturgeschichte.
925 5045 1047 5117 Leipzig
1066 5045 1141 5100 1811.
1160 5045 1189 5104 S.
1206 5041 1355 5100 avt-279.

301 5135 357 5206 ***)
377 5133 452 5190 (1611
472 5133 515 5204 G,
533 5133 610 5188 Acta
628 5131 780 5188 societatis
799 5131 965 5203 philologae
983 5131 1156 5202 Lipsiensis,
1174 5131 1233 5188 vol.
1253 5129 1301 5188 VI.
1319 5145 1347 5200 p.
1365 5125 1417 5183 8011
1435 5144 1498 5198 sqq.
