3722 5490
874 287 978 380 ..ἓ-

203 505 240 572 in
261 506 383 571 itinere
405 504 548 570 fratrum
571 504 784 584 accidissent,
809 527 1098 587 commemorasse,
1129 506 1240 572 inhia
1263 508 1386 575 fratres
1410 509 1503 574 caelo
1536 530 1653 575 sereno

201 611 343 677 otmari
371 609 555 695 tranquillo
578 608 733 674 Athenas
763 609 829 676 iter
858 609 989 690 fecisse,
1021 617 1060 675 ut
1082 634 1114 676 v.
1145 613 1210 676 530
1239 612 1420 678 offensioni
1449 635 1519 678 non
1554 597 1653 678 esset.

202 715 296 794 Quae
317 713 488 799 Bergkius
512 713 554 777 de
578 719 657 778 actu
679 713 780 778 tertio
812 713 980 794 disseruit,
1005 737 1087 779 vara
1110 736 1183 778 esse
1205 722 1308 802 puto;
1340 716 1400 782 sed
1423 707 1519 782 actus
1543 715 1655 801 quarti

200 818 336 883 mitium
358 805 516 882 mutilum
540 839 613 882 esse
635 839 741 903 nego;
772 840 852 883 nam
882 824 916 882 et
945 841 999 882 res
1028 817 1189 904 pristinas
1221 825 1255 882 et
1283 819 1510 906 Antiphontis
1543 842 1654 884 mores

183 922 284 988 satis
308 943 350 986 ex
381 927 460 986 actu
488 921 598 1009 primo
631 928 665 986 et
695 922 844 987 secundo
874 921 1042 987 novimus.
1088 923 1208 1007 Neque
1239 946 1356 988 versus
1387 927 1451 992 530
1482 924 1654 989 offendere

201 1033 334 1115 potest;
371 1048 450 1090 nam
487 1025 609 1091 fratres
644 1026 738 1091 caelo
777 1026 991 1091 serenissimo
1027 1034 1060 1091 et
1091 1025 1238 1090 maxima
1271 1027 1373 1091 maris
1407 1027 1655 1112 tranquillitate

200 1130 342 1196 rediisse
354 1130 509 1218 Antipho
521 1130 590 1194 iam
603 1130 644 1195 ab
657 1131 851 1218 Epignomo
865 1131 1070 1218 comperisse
1082 1137 1206 1218 potest,
1224 1153 1430 1215 quamquam
1440 1131 1654 1218 Epignomus

201 1235 280 1300 Act.
302 1234 375 1314 ffl,
400 1256 446 1299 sc.
467 1233 495 1298 Ι.
518 1233 555 1297 id
577 1255 648 1298 non
669 1241 843 1316 memorat,
876 1235 967 1319 quod
996 1235 1106 1300 levius
1140 1241 1199 1315 est,
1232 1257 1333 1319 quarn
1363 1242 1402 1298 ut
1432 1240 1654 1316 memoretur;

200 1337 275 1404 veri
298 1337 406 1403 simile
429 1343 543 1402 autem
566 1345 617 1402 est
638 1337 870 1425 Epignomum
892 1339 927 1402 id
950 1338 1072 1403 fecisse
1095 1339 1131 1402 in
1155 1361 1276 1404 scaena
1299 1339 1424 1403 omissa
1440 1345 1535 1402 actus
1551 1337 1655 1402 tertii.

204 1442 363 1506 Getarum
384 1440 520 1505 initium
536 1448 631 1506 actus
656 1441 767 1526 quarti
790 1443 926 1507 omnino
943 1465 1013 1508 non
1030 1444 1188 1508 lacunam
1204 1443 1369 1525 ostendit,
1392 1441 1548 1530 Antipho
1566 1441 1656 1506 enim

202 1545 389 1633 Epignomi
410 1545 604 1610 narratione
627 1545 795 1610 adductus
810 1545 1050 1632 Pamphilippo
1075 1545 1222 1610 occurrit
1245 1553 1279 1609 et
1302 1568 1380 1610 cum
1396 1567 1435 1611 eo
1458 1545 1494 1610 in
1509 1544 1655 1630 gratiam

202 1649 301 1715 radit.
324 1649 391 1715 Hic
416 1670 524 1714 sermo
547 1649 704 1736 inceptus
726 1671 795 1713 non
821 1647 1041 1713 continuatus
1065 1656 1125 1713 est.
1170 1649 1347 1713 Postremo
1377 1647 1547 1732 Bergkius
1577 1653 1656 1734 post

204 1774 338 1820 versum
363 1753 426 1818 573
449 1754 604 1819 lacunam
628 1752 764 1835 statuit,
787 1752 836 1816 ibi
859 1773 1017 1817 scaenam
1040 1752 1205 1817 excidisse
1229 1751 1321 1831 dicit,
1345 1751 1381 1815 in
1405 1773 1472 1835 qua
1494 1749 1655 1836 Pamphi-

203 1855 318 1944 lippus
342 1879 421 1948 cum
443 1879 549 1922 uxore
579 1855 811 1938 convenisset;
843 1879 929 1940 quae
961 1855 1130 1920 sententia
1151 1856 1265 1943 posita
1296 1855 1405 1920 estin
1434 1875 1656 1942 personarum

205 1958 453 2041 distributione,
478 1983 580 2046 quam
602 1959 746 2027 Goazius
768 1959 840 2024 iura
862 1959 1036 2025 refutavit.
1064 1959 1130 2038 Qui
1151 1966 1244 2024 recte
1268 1959 1351 2024 dicit
1373 1959 1477 2023 talem
1500 1978 1656 2022 scaenam

203 2062 304 2128 nimis
328 2064 472 2129 similam
495 2087 568 2130 esse
593 2063 632 2144 ei,
658 2087 759 2148 quam
774 2064 943 2149 Bergkius
967 2063 1029 2129 sub
1052 2063 1156 2128 finem
1179 2070 1275 2128 actus
1298 2062 1391 2128 tertii
1414 2061 1543 2126 statuit.
1568 2060 1657 2125 Sane

204 2166 374 2253 Bergkius
408 2167 445 2232 in
475 2169 581 2232 altera
611 2189 734 2232 scaena
764 2167 873 2252 magis
906 2167 1056 2232 virorum
1090 2165 1271 2246 fortunam,
1305 2166 1341 2229 in
1375 2165 1481 2244 altera
1513 2185 1657 2228 uxorum

206 2270 411 2359 descriptam
433 2294 506 2337 esse
528 2277 637 2359 putat,
661 2277 700 2335 ut
721 2271 880 2358 repetitio
909 2271 1110 2353 evitaretur;
1142 2271 1201 2335 sed
1222 2271 1289 2335 hoc
1320 2291 1454 2354 quoque
1478 2267 1657 2332 offensioni

206 2398 280 2441 esse
303 2375 447 2442 Go'tzius
471 2377 689 2456 demonstrat,
722 2375 814 2460 quod
842 2398 896 2439 ras
923 2374 1126 2440 feminarum
1155 2375 1223 2446 iam
1254 2374 1290 2438 in
1321 2372 1453 2438 actibus
1482 2371 1592 2459 primo
1624 2377 1658 2434 at

207 2479 355 2544 secundo
380 2480 633 2546 accuratissime
647 2479 837 2566 descriptae
861 2485 949 2544 sunt.
974 2479 1102 2544 Contra
1116 2500 1186 2543 non
1207 2477 1373 2542 assentior
1389 2476 1512 2543 Gotzio
1530 2473 1657 2539 dicenti

205 2580 349 2646 fratrum
379 2604 515 2667 quoque
545 2582 683 2648 fortuna
713 2605 776 2648 nos
805 2605 874 2648 non
903 2582 953 2646 ita
984 2583 1155 2663 delectari,
1186 2588 1225 2646 ut
1255 2581 1393 2668 copiose
1425 2577 1658 2645 eam·narrari

206 2683 392 2771 cupiamus.
437 2687 565 2750 Poetae
586 2688 702 2775 potius
730 2688 911 2752 dicendum
935 2693 1015 2768 erat,
1047 2710 1107 2752 cur
1137 2693 1207 2751 tam
1238 2685 1296 2750 diu
1327 2684 1493 2750 afuissent
1525 2690 1558 2747 et
1590 2703 1656 2767 quo

204 2789 306 2853 modo
331 2789 468 2854 divitias
492 2792 791 2878 comparavissent.
825 2793 947 2877 Itaque
971 2791 1158 2856 secundum
1179 2789 1321 2874 Bergkii
1345 2788 1549 2854 sententiam
1579 2792 1658 2874 post

206 2898 320 2958 actum
342 2892 481 2957 tertium
506 2916 663 2959 scaenam
688 2895 852 2961 excidisse
875 2903 970 2982 put0,
993 2917 1074 2984 'cum
1097 2900 1193 2959 actus
1217 2892 1329 2978 quarti
1341 2892 1476 2957 initium
1500 2897 1658 2956 truncum

207 3017 281 3060 esse
302 2996 388 3061 mihi
409 3019 479 3062 non
501 2998 668 3066 videatur.

310 3117 514 3202 Sententiae,
547 3142 631 3205 quas
655 3122 798 3188 Gdtzius
829 3122 871 3186 de
902 3119 1148 3208 compositione
1182 3118 1292 3184 Stichi
1321 3117 1458 3182 fabulae
1491 3116 1656 3203 exposuit,

208 3241 249 3286 cx
270 3228 369 3309 parte
390 3220 459 3287 iam
482 3224 598 3310 attigi3
621 3247 732 3314 pauca
755 3226 911 3291 addenda
934 3232 1023 3290 sunt.
1046 3225 1095 3290 Ut
1118 3223 1296 3309 Bergkius,
1320 3221 1377 3284 ille
1400 3219 1585 3284 offenditur
1608 3241 1657 3298 ec,

208 3325 299 3410 quod
322 3347 453 3393 sorores
475 3336 553 3416 post
582 3339 696 3396 actum
719 3331 905 3395 secundum
927 3329 964 3393 in
987 3351 1144 3393 scaenam
1173 3349 1243 3394 non
1265 3325 1444 3412 prodeunt,
1478 3329 1512 3386 et
1534 3323 1600 3388 hoc
1622 3322 1657 3386 in

207 3448 330 3494 scaena
352 3437 431 3495 ante
454 3429 612 3515 quintum
634 3441 749 3499 actum
772 3434 895 3498 omissa
917 3433 1047 3497 factum
1071 3454 1144 3496 asse
1166 3436 1282 3518 putat;
1313 3428 1350 3492 in
1373 3450 1412 3492 ea
1434 3448 1558 3491 uxores
1582 3449 1659 3490 cum

207 3532 337 3598 maritis
361 3536 562 3601 convenisse
585 3544 619 3602 et
641 3537 722 3602 fidei
744 3537 933 3624 praemium
956 3536 1136 3623 accepisse,
1170 3534 1293 3600 deinde
1316 3555 1433 3600 omnes
1457 3533 1500 3598 ad
1532 3533 1657 3620 epulas,

209 3657 296 3722 quae
318 3638 549 3726 compluribus
572 3641 656 3706 locis
677 3640 814 3706 fabulae
835 3648 1074 3720 memorantur,
1098 3641 1135 3705 in
1145 3638 1331 3726 Epignomi
1354 3639 1454 3704 aedes
1477 3637 1658 3703 introiisse.

208 3740 377 3825 Plautum,
414 3744 507 3829 quod
538 3744 754 3810 saltationem
789 3745 978 3809 scaenicam
1009 3744 1136 3825 afferre,
1167 3765 1297 3809 sorores
1328 3750 1442 3808 autem
1471 3749 1543 3807 tam
1572 3742 1659 3808 bene

209 3846 398 3935 descriptas
421 3847 584 3913 saltantes
608 3854 642 3912 et
675 3854 835 3913 canentes
857 3847 1019 3912 inducere
1049 3847 1223 3930 noluisset,
1257 3847 1319 3913 sub
1351 3847 1455 3912 finem
1486 3869 1687 3924 servorum,
1782 3905 1785 3912 .

210 3951 407 4017 convivium
430 3951 657 4018 substituisse.
701 3953 748 4016 Et
772 3951 814 4015 de
840 3972 880 4016 co
903 3951 1064 4015 Plautum
1085 3973 1153 4016 vss.
1183 3951 1356 4020 425-453
1385 3950 1659 4038 praemonuisse;

209 4054 272 4121 hos
296 4054 385 4120 enim
407 4079 526 4122 versus
549 4055 585 4121 in
609 4056 728 4141 quinto
752 4062 830 4122 actu
852 4054 967 4136 tuisse,
992 4055 1084 4141 quod
1106 4055 1164 4120 illo
1187 4056 1262 4120 loco
1287 4055 1500 4141 ineptissime
1522 4078 1572 4121 vs.
1596 4055 1660 4120 423

210 4180 283 4243 sqq.
305 4164 510 4246 repeterent.
535 4159 700 4226 Omnibus
723 4159 777 4224 his
799 4158 954 4224 versibus
978 4159 1134 4243 quintum
1157 4165 1271 4223 actum
1291 4158 1504 4246 praemoneri
1526 4158 1659 4238 debere,

209 4259 375 4349 imprimis
397 4284 465 4328 vss.
488 4264 552 4328 446
573 4284 645 4348 sqq,
671 4285 756 4348 quos
771 4263 913 4328 Plautus
936 4261 1082 4343 fecisset,
1106 4269 1145 4328 ut
1161 4285 1335 4329 servorum
1358 4262 1554 4330 convivium
1570 4263 1660 4349 apud

210 4366 383 4430 Romanos
413 4364 614 4431 inusitatum
644 4365 829 4454 explicaret
859 4372 893 4431 et
924 4374 1117 4450 excusaret;
1147 4367 1367 4434 manifestum
1398 4389 1471 4432 esse
1500 4366 1661 4430 Plautum

210 4469 276 4534 hoc
300 4476 379 4534 ante
403 4476 518 4536 actum
541 4469 698 4554 quintum
720 4469 832 4558 ipsum
855 4470 985 4550 fecisse,
1016 4491 1086 4535 non
1120 4470 1253 4536 duobus
1288 4469 1420 4535 actibus
1451 4475 1540 4534 ante.
1584 4469 1660 4532 Hoc

212 4573 334 4640 &orzio
358 4573 615 4640 concedendum
638 4580 690 4639 est
712 4573 788 4639 illos
811 4596 931 4639 versus
959 4573 996 4638 in
1017 4571 1116 4638 initio
1147 4574 1259 4659 quinti
1282 4581 1377 4639 actus
1408 4572 1557 4660 aptiores
1588 4595 1661 4637 esse

212 4698 314 4763 quam
336 4677 429 4743 tertii
453 4685 558 4745 actus.
601 4679 729 4744 Contra
749 4677 948 4762 negaverim
978 4677 1062 4742 duas
1086 4697 1217 4742 sorores
1248 4683 1327 4742 ante
1359 4675 1516 4760 quintum
1548 4681 1662 4739 actum

212 4780 348 4846 demum
370 4778 494 4846 iterum
515 4781 552 4846 in
575 4803 732 4846 scaenam
757 4780 934 4868 prodiisse,
968 4780 1028 4845 sed
1051 4780 1242 4846 secundum·
1259 4777 1447 4864 Bergkium
1468 4783 1552 4864 puto
1582 4782 1662 4864 post

211 4882 350 4948 tertium
373 4889 489 4950 actum
511 4905 669 4952 scaenam
692 4882 867 4964 excidisse,
890 4884 927 4948 in
950 4903 1017 4968 qua
1034 4884 1248 4970 Epignomus
1272 4904 1349 4946 cum
1363 4879 1535 4966 Panegyri
1557 4902 1662 4945 uxore

212 4986 382 5053 convenit.
407 4986 656 5052 Testimonium
677 4985 779 5050 huius
801 4987 943 5052 lacunae
967 4993 1018 5052 est
1040 4985 1191 5052 brevitas
1213 4986 1315 5052 huius
1335 4991 1439 5066 cotue,
1462 4984 1663 5072 praesertim

211 5112 290 5156 cum
311 5113 344 5156 v.
366 5091 540 5156 425-453
564 5113 641 5155 cum
665 5091 788 5157 thzio
812 5097 892 5156 ante
915 5089 1073 5175 quintum
1096 5097 1211 5156 actum
1237 5090 1451 5156 collocemus.
1496 5090 1545 5155 Ut
1567 5111 1662 5176 repe-
