3722 5490
930 298 947 361 t

212 531 299 595 quae
327 533 390 598 per
418 509 505 577 fflias
535 513 642 600 patris
673 515 814 580 consilio
850 517 1069 583 adversantes
1100 519 1261 600 efficitur,
1293 520 1409 586 rtatim
1438 521 1664 611 Antiphontis

211 613 427 700 indulgentia
450 615 602 697 solvitur,
626 617 676 682 ita
698 624 738 683 ut
760 618 833 684 1111
852 622 986 687 1111111
1008 623 1138 688 nodum
1161 623 1354 689 scaenicum
1368 628 1530 692 nectendi
1550 628 1664 714 negle-

211 725 321 804 gatur.
366 720 441 784 Hac
470 721 603 786 ratione
632 720 758 802 fabula,
787 731 970 810 antequam
993 727 1170 809 ordiretur,
1200 727 1269 793 iam
1290 729 1426 814 finitur;
1456 753 1537 796 nam
1572 732 1665 817 quod

211 822 399 907 Panegyris
431 831 553 910 postea
587 825 783 892 Crocotium
817 830 975 894 ancillam
995 832 1119 913 mittit,
1161 839 1200 896 ut
1235 833 1444 899 Gelasimum
1476 837 1665 924 parasitum

212 933 369 1008 arcessat,
402 951 441 993 eo
471 929 527 994 hic
560 938 655 996 actus
677 953 798 1018 parum
830 956 908 997 cum
939 941 1102 1019 sequente
1133 936 1362 1024 coniungitur.
1408 939 1569 1005 Ceterum
1597 941 1664 1006 hoc

210 1028 323 1116 ipsum
354 1032 436 1096 satis
466 1032 622 1120 ineptum
655 1041 724 1118 est,
754 1057 834 1101 nam
866 1060 936 1103 non
969 1039 1208 1125 intellegimuS,
1244 1063 1304 1106 cur
1335 1043 1541 1128 Panegyris,
1577 1065 1664 1129 quae

211 1135 399 1200 secundum
428 1159 461 1202 v.
492 1138 555 1202 397
585 1138 711 1203 multos
741 1161 857 1206 servos
887 1142 1051 1229 possidet,
1083 1144 1293 1209 Gelasimum
1322 1143 1511 1231 parasitum
1539 1145 1662 1233 ipsum,

211 1237 270 1320 qni
302 1261 379 1326 curn
410 1240 532 1305 marito
564 1241 636 1306 eius
668 1243 942 1310 remfamiliarem
973 1247 1252 1335 comsumpsisset
1283 1247 1528 1333 effudissetque
1559 1256 1593 1314 et
1624 1271 1665 1314 ea

210 1340 285 1427 ipsa
308 1343 350 1408 de
374 1365 476 1408 causa
498 1345 640 1432 iamper
654 1353 723 1412 tres
740 1370 845 1413 annos
861 1350 1048 1436 Epignomi
1064 1352 1202 1416 domum
1222 1373 1294 1415 non
1307 1350 1514 1434 intravisset,
1536 1352 1662 1432 mittat,

210 1451 249 1508 ut
270 1445 430 1533 inportu
450 1449 492 1513 de
516 1447 587 1514 eius
604 1449 754 1516 adventu
777 1461 971 1538 cognoscat.
994 1455 1164 1540 Equidem
1186 1455 1241 1520 his
1267 1454 1541 1537 difficultatibus,
1578 1478 1662 1541 quas

209 1547 278 1612 iam
302 1550 503 1637 Bergkius*)
533 1554 717 1640 perspexit,
750 1555 838 1620 addo
869 1558 1006 1622 omnino
1037 1580 1328 1646 supervacaneum
1358 1567 1393 1624 11
1423 1560 1547 1625 mirum
1578 1582 1661 1640 esse,

209 1653 300 1734 quod
322 1654 512 1740 Panegyris
546 1656 693 1741 aliquem
724 1659 767 1723 ad
798 1658 938 1746 'portum
967 1662 1100 1746 mittat3
1132 1663 1161 1728 si
1190 1663 1345 1750 Antipho
1375 1663 1463 1729 filias
1494 1664 1663 1750 coegisset

209 1755 363 1841 polliceri
386 1758 460 1822 11111
483 1759 565 1825 viris
590 1783 625 1826 11
647 1770 814 1849 nupturas
838 1787 911 1830 esse
942 1773 976 1830 et
999 1767 1259 1833 adversantibus
1282 1768 1353 1833 vim
1382 1753 1531 1833 minatus
1563 1775 1661 1848 esset,

209 1881 279 1923 non
301 1860 424 1925 mirum
448 1870 546 1944 11111,
579 1867 671 1948 quod
692 1867 800 1954 patris
825 1869 927 1934 minis
957 1871 1158 1957 perterritae
1182 1893 1285 1955 quam
1314 1871 1487 1937 celerrime
1515 1871 1663 1957 aliquem
1741 1929 1744 1932 .

211 1963 254 2026 ad
284 1970 422 2050 portum
450 1966 600 2048 mittant,
635 1976 674 2033 ut
704 1970 747 2034 de
777 1970 928 2037 adventu
957 1973 1109 2038 virorum
1142 1980 1345 2059 cognoscat,
1380 1975 1440 2060 qui
1471 1975 1662 2063 periculum

210 2074 376 2148 avertant,
401 2092 478 2134 cum
500 2070 548 2135 ibi
573 2094 706 2160 semper
720 2074 899 2140 Pinacium
922 2099 1040 2143 servus
1063 2078 1250 2144 adventum
1272 2078 1408 2144 illorum
1430 2085 1661 2167 exspectaret3

210 2172 303 2255 quod
326 2179 439 2238 autem
461 2175 616 2262 Antipho
639 2177 718 2242 filiis
744 2178 830 2242 nihil
851 2179 1001 2245 minatus
1031 2188 1084 2246 est
1105 2203 1217 2266 neque
1240 2182 1426 2267 quidquam
1454 2182 1598 2270 periculi
1619 2182 1662 2246 111

210 2281 270 2356 111,
293 2299 364 2342 111
386 2278 626 2365 intellegimus,
658 2304 719 2346 cur
740 2283 928 2369 Panegyris
960 2285 1033 2350 sine
1055 2286 1125 2350 ulla
1155 2307 1259 2351 causa
1282 2285 1429 2371 aliquem
1459 2287 1503 2352 ad
1523 2293 1662 2378 portum

207 2382 332 2448 mittat.
357 2383 496 2449 Scilicet
518 2407 579 2449 cur
599 2385 769 2471 parasitus
794 2387 959 2454 hocloco
988 2389 1200 2476 ineptissime
1222 2389 1412 2471 inducatur,
1446 2411 1487 2454 ex
1519 2411 1661 2473 sequen-

209 2487 300 2552 tibus
324 2489 457 2554 actibus
478 2489 725 2576 intellegimus;
756 2489 857 2555 iniis
881 2492 1120 2579 enimprimas
1149 2499 1265 2580 partes
1296 2493 1377 2579 agit,
1410 2515 1488 2559 cum
1516 2492 1618 2559 modo
1643 2515 1663 2558 a

207 2593 348 2659 Pinacio
372 2602 406 2659 et
427 2594 608 2680 Panegyri,
632 2595 733 2658 modo
757 2594 799 2659 ab
823 2596 1027 2682 Epignomo,
1051 2597 1153 2662 modo
1176 2619 1196 2662 a
1218 2597 1468 2685 Pamphilippe,
1492 2597 1594 2662 modo
1618 2595 1660 2660 ab

208 2697 261 2762 his
284 2698 385 2764 simul
407 2699 554 2763 ludibrio
576 2697 753 2778 habeatur,
777 2720 882 2783 quare
908 2699 1045 2765 fabulae
1067 2723 1121 2765 res
1143 2722 1214 2766 non
1235 2701 1444 2789 procedunt,
1475 2721 1555 2764 nam
1576 2698 1660 2787 Epi·

207 2825 353 2889 gnomus
377 2811 411 2868 et
432 2803 693 2891 Pamphilippus
716 2801 847 2884 fratres,
874 2810 1059 2890 postquam
1079 2811 1304 2885 reverterunt,
1334 2810 1471 2891 praeter
1493 2826 1542 2883 ea,
1574 2824 1661 2888 qnae

207 2905 276 2971 iam
297 2909 492 2988 memoravi,
517 2909 627 2972 solum
650 2929 728 2970 cum
742 2906 958 2994 Antiphonte
981 2929 1097 2973 socero
1121 2909 1157 2973 in
1178 2909 1324 2994 gratiam
1344 2908 1489 2973 redeunt
1513 2913 1547 2971 et
1570 2906 1661 2994 apud

207 3011 439 3097 Epignomum
462 3033 497 3075 se
521 3010 717 3097 epulaturos
748 3032 821 3074 esse
843 3010 972 3075 dicunt.
1017 3012 1071 3076 De
1100 3011 1202 3076 rebus
1231 3011 1385 3099 pristinis
1416 3018 1450 3076 et
1481 3009 1660 3075 itineribus

207 3115 297 3180 inter
319 3138 355 3180 se
369 3136 586 3201 nequaquam
602 3115 842 3200 colloquuntur
856 3137 968 3200 neque
990 3137 1113 3180 uxores
1133 3117 1280 3180 salutare
1303 3115 1413 3199 iisque
1429 3114 1511 3179 fidei
1532 3114 1660 3200 gratias

206 3218 332 3286 referre
355 3220 517 3286 fratribus
544 3220 580 3284 in
609 3223 760 3282 mentem
781 3218 886 3283 venit.
931 3218 1090 3302 Denique
1121 3218 1261 3303 quintus
1292 3226 1388 3282 actus
1419 3240 1497 3283 cum
1527 3217 1660 3282 actibus

205 3323 489 3408 praecedentibus
525 3330 559 3387 et
592 3329 667 3386 tota
699 3321 816 3386 fabula
851 3344 961 3410 paene
994 3344 1064 3387 non
1098 3322 1333 3408 coniungitur3
1376 3322 1462 3388 aliae
1494 3344 1660 3410 personae

206 3427 385 3510 prodeunt,
411 3426 549 3492 Stichus
573 3433 607 3491 11
631 3425 826 3510 Sagarinus,
857 3426 1042 3514 Epignomi
1065 3433 1100 3491 et
1122 3426 1354 3514 Pamphilippi
1377 3427 1475 3507 servi,
1500 3426 1559 3512 qui
1582 3448 1660 3490 cum

209 3528 404 3614 Stephanio,
429 3529 601 3594 communi
616 3530 733 3610 1111111,
759 3530 955 3596 convivium
978 3530 1145 3597 lascivum
1168 3537 1202 3594 et
1225 3530 1410 3596 obscenum
1427 3537 1543 3616 agunt,
1568 3530 1660 3615 quod

208 3632 253 3698 ad
274 3639 463 3697 extremum
486 3634 621 3698 saltatio
644 3634 788 3698 ridicula
811 3641 846 3698 et
867 3635 954 3699 mira
977 3635 1139 3720 sequitur.

310 3736 390 3799 Non
412 3735 574 3800 credibile
601 3744 654 3802 est
675 3737 900 3824 principalem
930 3746 964 3803 et
986 3739 1171 3824 genuinam
1200 3737 1351 3803 fabulam
1373 3739 1487 3803 Plauti
1509 3737 1565 3803 vel
1587 3738 1659 3802 Me-

206 3838 336 3919 nandri,
361 3861 449 3923 quae
463 3839 585 3903 Plauto
610 3841 764 3927 exemplo
788 3849 869 3921 erat,
893 3848 965 3906 tam
986 3842 1074 3906 male
1097 3841 1321 3928 compositam
1343 3863 1426 3908 esse.
1454 3840 1658 3928 Rappius**)

207 3944 299 4007 11111
329 3943 363 4006 in
393 3941 605 4029 praefatione
627 3944 794 4009 versionis
818 3945 1041 4010 Germanicae
1068 3945 1178 4010 Stichi
1207 3947 1390 4011 memoriae
1419 3945 1524 4010 fidem
1554 3945 1659 4011 habet

208 4053 242 4112 et
262 4049 423 4112 Plautum
442 4046 593 4111 fabulam
615 4047 664 4112 ita
690 4048 922 4135 composuisse
946 4049 1101 4129 affirmat,
1125 4056 1165 4112 ut
1179 4048 1278 4113 nobis
1293 4047 1419 4112 tradita
1442 4053 1503 4113 est.
1521 4047 1659 4112 Scilicet

206 4152 377 4216 Graecum
407 4150 492 4215 illud
524 4151 718 4238 exemplum
739 4152 965 4216 Menandrum
995 4152 1101 4217 fuisse
1122 4151 1279 4239 Rappius
1308 4158 1422 4237 negat,
1454 4173 1659 4236 quamquam

206 4254 390 4319 didascalia
412 4253 549 4319 fabulae
571 4254 607 4319 id
630 4254 857 4338 confirmatur,
889 4256 949 4320 sed
972 4256 1087 4342 potius
1110 4255 1303 4342 suspicatur
1324 4257 1485 4322 Plautum
1507 4255 1659 4320 fabulam

206 4379 249 4422 ex
271 4358 503 4445 compluribus
531 4357 643 4422 mimis
671 4359 821 4434 Graecis,
851 4359 1018 4447 imprimis
1042 4359 1229 4447 Sophronis
1254 4359 1369 4440 Siculi,
1401 4366 1437 4424 et
1465 4359 1658 4444 fragmento

206 4462 402 4528 comoediae
424 4463 604 4527 Menandri
627 4462 858 4550 composuisse
881 4469 916 4528 et
937 4463 999 4530 has
1021 4471 1136 4551 partes
1159 4464 1235 4530 laxe
1261 4463 1351 4528 inter
1373 4484 1410 4526 se
1432 4461 1657 4528 coniunxisse.

204 4566 360 4653 Rappius
383 4566 535 4632 fabulam
561 4573 631 4631 tres
653 4567 775 4632 mimos
799 4566 973 4632 continere
1003 4567 1172 4651 affirmat,
1202 4567 1360 4655 primum,
1392 4566 1450 4650 qui
1472 4589 1506 4632 v.
1531 4567 1658 4632 1-149

204 4671 363 4757 pertinet,
387 4671 571 4737 vernacula
585 4670 704 4757 lingua
727 4671 813 4756 ,Dia
828 4678 935 4757 guten
947 4671 1107 4738 1111111111ιι
1126 4671 1181 4737 vel
1198 4669 1474 4756 „Weibertreue“
1491 4669 1657 4735 nominat.

205 4775 246 4840 V.
278 4774 636 4840 111-1541111111
665 4775 778 4862 ipsum
808 4775 979 4840 addidisse
1008 4782 1118 4862 putat,
1150 4782 1190 4839 ut
1220 4797 1358 4840 causam
1385 4781 1657 4862 persequeretur.

308 4947 335 5016 *y
354 4947 527 5005 Zeitschriit
544 4948 592 5002 1111·
610 4946 1015 5017 Alterthumswissenschatt,
1034 4947 1103 5003 1850
1121 4947 1150 5005 S.
1167 4947 1220 5002 332
1237 4947 1267 5007 ff.

291 5033 336 5102 ²⁸³²)
354 5033 487 5088 Plautus'
504 5033 674 5105 Lustspiele
693 5033 723 5088 in
742 5032 908 5088 Trimetern
932 5033 1084 5089 iiber-aetat
1101 5051 1161 5090 von
1179 5033 1253 5088 Kar-l
1275 5033 1368 5089 Moriz
1386 5032 1480 5104 Rapp.
1501 5033 1542 5086 16.
1561 5031 1657 5086 Band-

205 5120 289 5180 chen.
308 5119 456 5190 Stuttgart
474 5121 550 5181 1852.
